@article{taylor2018exploring,
  title = {Exploring the {{Effects}} of {{Disk Thickness}} on the {{Black Hole Reflection Spectrum}}},
  author = {Taylor, Corbin and Reynolds, Christopher S.},
  year = {2018},
  month = mar,
  journal = {\apj},
  volume = {855},
  number = {2}
}


@article{fabian2000broad,
  title={Broad iron lines in active galactic nuclei},
  author={Fabian, AC and Iwasawa, K and Reynolds, CS and Young, AJ},
  journal={Publications of the Astronomical Society of the Pacific},
  volume={112},
  number={775},
  pages={1145},
  year={2000},
  publisher={IOP Publishing}
}


@article{abdikamalov2020testing,
  title={Testing the Kerr black hole hypothesis using X-ray reflection spectroscopy and a thin disk model with finite thickness},
  author={Abdikamalov, Askar B and Ayzenberg, Dimitry and Bambi, Cosimo and Dauser, Thomas and Garcia, Javier A and Nampalliwar, Sourabh and Tripathi, Ashutosh and Zhou, Menglei},
  journal={The Astrophysical Journal},
  volume={899},
  number={1},
  pages={80},
  year={2020},
  publisher={IOP Publishing}
}

@article{dauser2016relativistic,
  title={Relativistic reflection: Review and recent developments in modeling},
  author={Dauser, Thomas and Garc{\'\i}a, J and Wilms, J{\"o}rn},
  journal={Astronomische Nachrichten},
  volume={337},
  number={4-5},
  pages={362--367},
  year={2016},
  publisher={Wiley Online Library}
}

@article{rees1984black,
  title={Black hole models for active galactic nuclei},
  author={Rees, Martin J},
  journal={Annual review of astronomy and astrophysics},
  volume={22},
  number={1},
  pages={471--506},
  year={1984},
  publisher={Annual Reviews 4139 El Camino Way, PO Box 10139, Palo Alto, CA 94303-0139, USA}
}


@inproceedings{shakura1973black,
  title={Black Holes in Binary Systems: Observational Appearances∗},
  author={Shakura, NI and Sunyaev, RA},
  booktitle={Symposium - International Astronomical Union},
  volume={55},
  pages={155--164},
  year={1973},
  organization={Cambridge University Press}
}

@article{reynolds1999x,
  title={X-ray iron line reverberation from black hole accretion disks},
  author={Reynolds, Christopher S and Young, Andrew J and Begelman, Mitchell C and Fabian, Andrew C},
  journal={The Astrophysical Journal},
  volume={514},
  number={1},
  pages={164},
  year={1999},
  publisher={IOP Publishing}
}

@inproceedings{laor2005line,
  title={Line profiles from a disk around a rotating black hole},
  author={Laor, Ari},
  booktitle={Iron Line Diagnostics in X-ray Sources: Proceedings of a Workshop Held in Varenna, Como, Italy 9--12 October 1990},
  pages={205--208},
  year={2005},
  organization={Springer}
}

@article{stella1990measuring,
  title={Measuring black hole mass through variable line profiles from accretion disks},
  author={Stella, Luigi},
  journal={Nature},
  volume={344},
  number={6268},
  pages={747--749},
  year={1990},
  publisher={Nature Publishing Group UK London}
}

@article{tanaka1995gravitationally,
  title={Gravitationally redshifted emission implying an accretion disk and massive black hole in the active galaxy MCG--6--30--15},
  author={Tanaka, Yasuo and Nandra, K and Fabian, AC and Inoue, H and Otani, C and Dotani, T and Hayashida, K and Iwasawa, K and Kii, T and Kunieda, H and others},
  journal={Nature},
  volume={375},
  number={6533},
  pages={659--661},
  year={1995},
  publisher={Nature Publishing Group UK London}
}

@article{fanton1997detecting,
  title={Detecting accretion disks in active galactic nuclei},
  author={Fanton, Claudio and Calvani, Massimo and de Felice, Fernando and {\v{C}}ade{\v{z}}, Andrej},
  journal={Publications of the Astronomical Society of Japan},
  volume={49},
  number={2},
  pages={159--169},
  year={1997},
  publisher={Oxford University Press}
}

@article{fabian1989x,
  title={X-ray fluorescence from the inner disc in Cygnus X-1},
  author={Fabian, AC and Rees, MJ and Stella, L and White, Ne E},
  journal={Monthly Notices of the Royal Astronomical Society},
  volume={238},
  number={3},
  pages={729--736},
  year={1989},
  publisher={Oxford University Press Oxford, UK}
}

@article{brenneman2006constraining,
  title={Constraining black hole spin via X-ray spectroscopy},
  author={Brenneman, Laura W and Reynolds, Christopher S},
  journal={The Astrophysical Journal},
  volume={652},
  number={2},
  pages={1028},
  year={2006},
  publisher={IOP Publishing}
}

@article{wilkins2015driving,
  title={Driving extreme variability: the evolving corona and evidence for jet launching in Markarian 335},
  author={Wilkins, DR and Gallo, Luigi C},
  journal={Monthly Notices of the Royal Astronomical Society},
  volume={449},
  number={1},
  pages={129--146},
  year={2015},
  publisher={Oxford University Press}
}

@article{johannsen2013regular,
  title={Regular black hole metric with three constants of motion},
  author={Johannsen, Tim},
  journal={Physical Review D},
  volume={88},
  number={4},
  pages={044002},
  year={2013},
  publisher={APS}
}

@article{reynolds2003fluorescent,
  title={Fluorescent iron lines as a probe of astrophysical black hole systems},
  author={Reynolds, Christopher S and Nowak, Michael A},
  journal={Physics Reports},
  volume={377},
  number={6},
  pages={389--466},
  year={2003},
  publisher={Elsevier}
}


@misc{baker2022,
    title = {Gradus.jl (Version 0.1.0) [Computer software]},
    author = {Baker, Fergus and Young, Andrew},
    doi = {https://doi.org/10.5281/zenodo.6471796}
}

@article{cunningham1975effects,
  title={The effects of redshifts and focusing on the spectrum of an accretion disk around a Kerr black hole},
  author={Cunningham, CT},
  journal={Astrophysical Journal, vol. 202, Dec. 15, 1975, pt. 1, p. 788-802.},
  volume={202},
  pages={788--802},
  year={1975}
}

@article{wilkins2012understanding,
  title={Understanding X-ray reflection emissivity profiles in AGN: locating the X-ray source},
  author={Wilkins, DR and Fabian, AC},
  journal={Monthly Notices of the Royal Astronomical Society},
  volume={424},
  number={2},
  pages={1284--1296},
  year={2012},
  publisher={Blackwell Science Ltd Oxford, UK}
}

@article{gonzalez2017probing,
  title={Probing the geometry and motion of AGN coronae through accretion disc emissivity profiles},
  author={Gonzalez, AG and Wilkins, DR and Gallo, Luigi C},
  journal={Monthly Notices of the Royal Astronomical Society},
  volume={472},
  number={2},
  pages={1932--1945},
  year={2017},
  publisher={Oxford University Press}
}

@article{tarnopolska2024properties,
    title={Properties of Accretion Discs Around Black Holes Through Modelling}, 
    volume={19}, 
    number={1}, 
    journal={McGill Science Undergraduate Research Journal}, 
    author={Tarnopolska, Wiktoria}, 
    year={2024}, 
    pages={13–18} 
}

@article{dauser2013irradiation,
  title={Irradiation of an accretion disc by a jet: general properties and implications for spin measurements of black holes},
  author={Dauser, Thomas and Garcia, Javier and Wilms, J{\"o}rn and B{\"o}ck, Moritz and Brenneman, Laura W and Falanga, Maurizio and Fukumura, Keigo and Reynolds, Christopher S},
  journal={Monthly Notices of the Royal Astronomical Society},
  volume={430},
  number={3},
  pages={1694--1708},
  year={2013},
  publisher={Oxford University Press}
}

@article{johannsen2014x,
  title={X-ray probes of black hole accretion disks for testing the no-hair theorem},
  author={Johannsen, Tim},
  journal={Physical Review D},
  volume={90},
  number={6},
  pages={064002},
  year={2014},
  publisher={APS}
}

@article{johannsen2013testing,
  title={Testing the no-hair theorem with observations in the electromagnetic spectrum. IV. Relativistically broadened iron lines},
  author={Johannsen, Tim and Psaltis, Dimitrios},
  journal={The Astrophysical Journal},
  volume={773},
  number={1},
  pages={57},
  year={2013},
  publisher={IOP Publishing}
}

@misc{overlay,
    title = {Overlay.jl (Version 0.1.0) [Computer software]},
    author = {Young, Andrew}
}

@article{reynolds2015measuring,
  title={Measuring black hole spin using X-ray reflection spectroscopy},
  author={Reynolds, Christopher S},
  journal={The Physics of Accretion onto Black Holes},
  pages={277--294},
  year={2015},
  publisher={Springer}
}

@article{fabian2014determination,
  title={On the determination of the spin and disc truncation of accreting black holes using X-ray reflection},
  author={Fabian, AC and Parker, ML and Wilkins, DR and Miller, JM and Kara, E and Reynolds, CS and Dauser, T},
  journal={Monthly Notices of the Royal Astronomical Society},
  volume={439},
  number={3},
  pages={2307--2313},
  year={2014},
  publisher={Oxford University Press}
}

@article{cackett2014modelling,
  title={Modelling the broad Fe K $\alpha$ reverberation in the AGN NGC 4151},
  author={Cackett, EM and Zoghbi, A and Reynolds, C and Fabian, AC and Kara, E and Uttley, P and Wilkins, DR},
  journal={Monthly Notices of the Royal Astronomical Society},
  volume={438},
  number={4},
  pages={2980--2994},
  year={2014},
  publisher={Oxford University Press}
}

@article{kara2013discovery,
  title={Discovery of high-frequency iron K lags in Ark 564 and Mrk 335},
  author={Kara, E and Fabian, AC and Cackett, EM and Uttley, P and Wilkins, DR and Zoghbi, A},
  journal={Monthly Notices of the Royal Astronomical Society},
  volume={434},
  number={2},
  pages={1129--1137},
  year={2013},
  publisher={The Royal Astronomical Society}
}

@article{uttley2014x,
  title={X-ray reverberation around accreting black holes},
  author={Uttley, P and Cackett, EM and Fabian, AC and Kara, E and Wilkins, DR},
  journal={The Astronomy and Astrophysics Review},
  volume={22},
  pages={1--66},
  year={2014},
  publisher={Springer}
}

@article{george1991x,
  title={X-ray reflection from cold matter in active galactic nuclei and X-ray binaries},
  author={George, IM and Fabian, AC},
  journal={Monthly Notices of the Royal Astronomical Society},
  volume={249},
  number={2},
  pages={352--367},
  year={1991},
  publisher={Oxford University Press Oxford, UK}
}

@article{ross2005comprehensive,
  title={A comprehensive range of X-ray ionized-reflection models},
  author={Ross, RR and Fabian, AC},
  journal={Monthly Notices of the Royal Astronomical Society},
  volume={358},
  number={1},
  pages={211--216},
  year={2005},
  publisher={Blackwell Publishing Ltd Oxford, UK}
}

@article{wilkins2011determination,
  title={Determination of the X-ray reflection emissivity profile of 1H 0707-495},
  author={Wilkins, DR and Fabian, AC},
  journal={Monthly Notices of the Royal Astronomical Society},
  volume={414},
  number={2},
  pages={1269--1277},
  year={2011},
  publisher={Blackwell Publishing Ltd Oxford, UK}
}

@article{suebsuwong2006gravitational,
  title={Gravitational effects on the high energy emission of accreting black holes},
  author={Suebsuwong, Thitiwat and Malzac, J and Jourdain, E and Marcowith, A},
  journal={Astronomy \& Astrophysics},
  volume={453},
  number={3},
  pages={773--783},
  year={2006},
  publisher={EDP Sciences}
}

@article{psaltis2011ray,
  title={A ray-tracing algorithm for spinning compact object spacetimes with arbitrary quadrupole moments. I. Quasi-Kerr black holes},
  author={Psaltis, Dimitrios and Johannsen, Tim},
  journal={The Astrophysical Journal},
  volume={745},
  number={1},
  pages={1},
  year={2011},
  publisher={IOP Publishing}
}